@manual{LabManual,
title        = {Introduction to the Kalman filter (KF)},
author       = {Gustavo Quintana}, 
organization = {Vrije Univesiteit Brussel},
month        = 11,
year         = 2017,
}
@unpublished{LectureA,
  Author = {Kleeman, Lindsay},
  Institution = {Monash University, Clayton},
  Howpublished = {University Lecture},
  Year = {2017},
  Title = {Understanding and Applying Kalman Filtering}
}
@article{article1,
    author =       "Ramsey Faragher",
    title =        "{Understanding the Basis of the Kalman Filter nderstanding the Basis of the Kalman Filter}",
    journal =      "IEEE SIGNAL PROCESSING MAGAZINE",
    pages =        "129--132",
    year =         "2012",
    DOI =          "https://www.cl.cam.ac.uk/~rmf25/papers/Understanding%20the%20Basis%20of%20the%20Kalman%20Filter.pdf"
}
 